@ARTICLE{peterson:myths,
   AUTHOR = "Gary L. Peterson",
   TITLE = "Myths About the Mutual Exclusion Problem",
   JOURNAL = ipl,
   volume = 12,
   number = 3,
   YEAR = 1981,
   PAGES = "115--116"}

@Article{barsotti:verification,
  author =       "Dami\'{a}n Barsotti and Leonor {Prensa Nieto} and
                 Alwen Tiu",
  title =        "Verification of clock synchronization algorithms:
                 experiments on a combination of deductive tools",
  journal =      "Formal Aspects of Computing",
  year =         "2007",
  volume =       "19",
  number =       "3",
  pages =        "321--341",
}

@Article{charron:harmful,
  author =       "Bernadette Charron-Bost and Andr{\'e} Schiper",
  title =        "Harmful dogmas in distributed computing",
  journal =      "ACM SIGACT News",
  year =         "2007",
  volume =       "38",
  number =       "1",
  pages =        "53--61",
}

@InProceedings{deharbe:decision,
  author =       "David D{\'e}harbe and Pascal Fontaine and Silvio
                 Ranise and Christophe Ringeissen",
  title =        "Decision procedures for the formal analysis of
                 software",
  booktitle =    "Intl. Coll. Theoretical Aspects of Computing (ICTAC
                 2007)",
  pages =        "366--370",
  year =         "2007",
  editor =       "K.~Barkaoui and A.~Cavalcanti and A.~Cerone",
  volume =       "4281",
  series =       "LNCS",
  address =      "Tunis, Tunisia",
  publisher =    "Springer",
  note =         "See also \url{http://harvey.loria.fr/}",
}

@InProceedings{fontaine:automation,
  author =       "Pascal Fontaine and Jean-Yves Marion and Stephan Merz
                 and Leonor {Prensa Nieto} and Alwen Tiu",
  title =        "Expressiveness + Automation + Soundness: Towards
                 Combining {SMT} Solvers and Interactive Proof
                 Assistants",
  booktitle =    "Proc. 12th TACAS",
  pages =        "167--181",
  year =         "2006",
  editor =       "Holger Hermanns and Jens Palsberg",
  volume =       "3920",
  series =       "LNCS",
  address =      "Vienna, Austria",
  publisher =    "Springer",
}

@InProceedings{gafni:disk,
  author =       "Eli Gafni and Leslie Lamport",
  title =        "Disk {P}axos",
  booktitle =    "International Symposium on Distributed Computing",
  pages =        "330--344",
  year =         "2000",
}

@Article{gafni:disk-paxos,
  key =          "Gafni03",
  author =       "Eli Gafni and Leslie Lamport",
  title =        "Disk {P}axos",
  journal =      "Distributed Computing",
  volume =       "16",
  number =       "1",
  year =         "2003",
  pages =        "1--20",
}

@Book{gordon:hol,
  author =       "Michael J. C. Gordon and Thomas F. Melham",
  title =        "Introduction to {HOL}: a theorem proving environment
                 for higher-order logic",
  publisher =    "Cambridge University Press",
  year =         "1993",
}

@Misc{harrison:hol,
  author =       "John Harrison",
  title =        "The {HOL Light} theorem prover",
  howpublished = "\url{http://www.cl.cam.ac.uk/~jrh13/hol-light/index.html}",
}

@Misc{lamport:tla+2,
  author =       "Leslie Lamport",
  title =        "{\tlatwo}: {A} preliminary guide",
  howpublished = "Draft manuscript",
  month =        nov,
  year =         "2011",
  note =         "\\\url{http://research.microsoft.com/users/lamport/tla/tla2-guide.pdf}",
}

@InProceedings{lamport:pluscal,
  author =       {Leslie Lamport},
  title =        {The {PlusCal} Algorithm Language},
  booktitle = {ICTAC},
  editor =    {Martin Leucker and Carroll Morgan},
  pages =     {36-60},
  year =      2009,
  volume =    5684,
  series =    {LNCS},
  address =   {Kuala Lumpur, Malaysia},
  publisher = {Springer},
}

@Article{lamport93amm,
  author =       "Leslie Lamport",
  title =        "How to write a proof",
  journal =      "American Mathematical Monthly",
  year =         "1993",
  volume =       "102",
  number =       "7",
  pages =        "600--608",
  month =        aug,
}

@ARTICLE(lamport:howtoprove-21century,
    KEY = "Lamport 2012",
    AUTHOR = "Leslie Lamport",
    TITLE = "How to Write a 21st Century Proof",
    JOURNAL =  "Journal of Fixed Point Theory and Applications",
    YEAR = 2012,
    MONTH = mar,
    NOTE = "DOI: 10.1007/s11784-012-0071-6"
  )

@Book{paulson:isabelle,
  author =       "Lawrence C. Paulson",
  title =        "Isabelle: {A} Generic Theorem Prover",
  publisher =    "Springer",
  year =         "1994",
  volume =       "828",
  series =       "LNCS",
  address =      "Berlin, Germany",
}

@InProceedings{wenzel:isabelle,
  author =       {Makarius Wenzel and Lawrence C. Paulson and Tobias Nipkow},
  title =        {The {I}sabelle Framework},
  booktitle = {TPHOLs}, 
  editor =    {Otmane A{\"{\i}}t Mohamed and C{\'e}sar Mu{\~n}oz and Sofi{\`e}ne Tahar},
  pages =     {33-38},
  year =      2008,
  volume =    5170,
  series =    {LNCS},
  address =   {Montreal, Canada},
  publisher = {Springer},
}

@Book{lamport03tla,
  author =       "Leslie Lamport",
  title =        "Specifying Systems: The {\tlaplus} Language and Tools
                 for Hardware and Software Engineers",
  publisher =    "Addison-Wesley",
  year =         "2003",
}

@InBook{lamport03tla/tlc,
  author =       "Leslie Lamport",
  title =        "The {TLC} Model Checker",
  chapter =      "14",
  publisher =    "Addison-Wesley",
  year =         "2003",
  pages =        "221--264",
  note =         "In~\cite{lamport03tla}.",
}

@Article{horn51jsl,
  author =       "Alfred Horn",
  title =        "On sentences which are true of distinct unions of
                 algebras",
  journal =      "Journal of Symbolic Logic",
  year =         "1951",
  volume =       "16",
  pages =        "14--21",
}

@Article{Merz03ci,
  author =       "Stephan Merz",
  title =        "On the logic of {\tlaplus}",
  journal =      "Computing and Informatics",
  year =         "2003",
  volume =       "22",
  pages =        "351--379",
}

@InProceedings{abadi90concur,
  author =       "Mart\'{i}n Abadi",
  title =        "An axiomatization of {L}amport's {T}emporal {L}ogic of
                 {A}ctions",
  booktitle =    "CONCUR'90: Theories of Concurrency, Unification and
                 Extension",
  pages =        "57--69",
  year =         "1990",
  editor =       "C. M. Baeten and Jan W. Klop",
  volume =       "458",
  series =       "LNCS",
  address =      "Berlin",
  publisher =    "Springer",
}

@InCollection{abadi96dpd,
  author =       "Mart\'{i}n Abadi and Stephan Merz",
  title =        "On {TLA} as a logic",
  booktitle =    "Deductive Program Design",
  pages =        "235--272",
  publisher =    "Springer",
  year =         "1996",
  volume =       "NATO ASI series F",
}

@Misc{tla+tools,
  author =       "Leslie Lamport",
  title =        "{\tlaplus} Tools",
  note =         "\\\url{http://research.microsoft.com/users/lamport/tla/tools.html}",
}

@Misc{isar,
  author =       "Makarius Wenzel",
  title =        "The {I}sabelle/{I}sar Reference Manual",
  note =         
"\url{http://www.cl.cam.ac.uk/research/hvg/Isabelle/dist/Isabelle/doc/isar-ref.pdf}",
  month =        jun,
  year =         "2008",
}

@InProceedings{bonichon07lpar,
  author =       "Richard Bonichon and David Delahaye and Damien
                 Doligez",
  title =        "Zenon : An Extensible Automated Theorem Prover
                 Producing Checkable Proofs",
  booktitle =    "LPAR",
  editor =       "Nachum Dershowitz and Andrei Voronkov",
  year =         "2007",
  pages =        "151-165",
  volume =       "4790",
  series =       "LNCS",
  address =      "Yerevan, Armenia",
  publisher =    "Springer",
  ee =           "http://dx.doi.org/10.1007/978-3-540-75560-9_13",
}

@Article{kowalski71ai,
  author =       "R. Kowalski and D. Kuehner",
  title =        "Linear resolution with selection function",
  journal =      "Artificial Intelligence",
  year =         "1971",
  volume =       "2",
  pages =        "227--260",
}

@Article{lamport:newtla,
  key =          "Lamport94",
  author =       "Leslie Lamport",
  title =        "The Temporal Logic of Actions",
  journal =      toplas,
  volume =       "16",
  number =       "3",
  year =         "1994",
  month =        may,
  pages =        "872--923",
}

@Book{leisenring:mathematical-logic,
  key =          "Leisenring69",
  author =       "A. C. Leisenring",
  title =        "Mathematical Logic and Hilbert's
                 $\varepsilon$-Symbol",
  publisher =    "Gordon and Breach",
  address =      "New York",
  year =         "1969",
}

@InProceedings{engberg:mechanical,
  key =          "Engberg92",
  title =        "Mechanical Verification of Concurrent Systems with
                 {TLA}",
  author =       "Urban Engberg and Peter Gr\o{}nning and Leslie
                 Lamport",
  booktitle =    "Proc. 4th CAV",
  publisher =    "Springer",
  month =        jun,
  year =         "1992",
  editor =       "G. v. Bochmann and D. K. Probst",
  volume =       "663",
  series =       "LNCS",
  pages =        "44--55",
}

@InProceedings{schroeder-heister93lics,
  author =       "Peter Schroeder-Heister",
  title =        "Rules of Definitional Reflection",
  pages =        "222--232",
  booktitle =    "Proc. Eighth Annual IEEE Symposium on
                 Logic in Computer Science (LICS)",
  publisher =    "IEEE Computer Society Press",
  editor =       "M. Vardi",
  month =        jun,
  year =         "1993",
}

@Misc{pg,
  author =       "David Aspinall and Thomas Kleymann",
  title =        "Proof General (user manual)",
  month =        jan,
  year =         "2008",
  note =         "\\\url{http://proofgeneral.inf.ed.ac.uk/releases/ProofGeneral/doc/ProofGeneral.pdf}",
}

@Misc{mizar,
  author =       "Mizar Project",
  title =        "Mizar Language",
  month =        nov,
  year =         "2007",
  note =         "\\\url{http://www.mizar.org/language/}",
}

@Misc{toolbox,
  title =        "{The \tlaplus\ Toolbox}",
  note =         "\url{http://www.tlaplus.net/tools/tla-toolbox/}",
}

@TECHREPORT{yices,
    author = {Bruno Dutertre and Leonardo De Moura},
    title = {The {Yices} {SMT} solver},
    institution = {SRI},
    year = {2006}
}

@inproceedings{z3,
  author    = {Leonardo Mendon\c{c}a de Moura and
               Nikolaj Bj{\o}rner},
  title     = {Z3: An Efficient {SMT} Solver},
  booktitle = {TACAS},
  year      = {2008},
  pages     = {337-340},
  ee        = {http://dx.doi.org/10.1007/978-3-540-78800-3_24},
  bibsource = {DBLP, http://dblp.uni-trier.de}
}

@incollection {smtlib,
   author = {Barrett, Clark and de Moura, Leonardo and Ranise, Silvio and Stump, Aaron and Tinelli, Cesare},
   affiliation = {New York University, USA},
   title = {The {SMT-LIB} Initiative and the Rise of {SMT}},
   booktitle = {Hardware and Software: Verification and Testing},
   series = {LNCS},
   editor = {Barner, Sharon and Harris, Ian and Kroening, Daniel and Raz, Orna},
   publisher = {Springer},
   isbn = {978-3-642-19582-2},
   keyword = {Computer Science},
   pages = {3-3},
   volume = {6504},
   url = {http://dx.doi.org/10.1007/978-3-642-19583-9_2},
    year = {2011}
}

@Manual{coq,
  title = 	 {The Coq Proof Assistant. Reference Manual},
  author =	 {{Coq Development Team}},
  organization = {INRIA},
  edition =	 {8.3},
  year =	 2010,
  note =         {\url{http://coq.inria.fr/}}
}

@InProceedings{focal,
  author =       "P.~Ayrault and M.~Carlier and D.~Delahaye and
                 C.~Dubois and D.~Doligez and L.~Habib and T.~Hardin and
                 M.~Jaume and C.~Morisset and F.~Pessaux and R.~Rioboo
                 and P.~Weis",
  title =        "Secure Software within {Focal}",
  booktitle =    "Computer \& Electronics Security Applications
                 Rendez-vous",
  year =         "2008",
  month =        dec,
}

@InProceedings{rudnicki:mizar,
  author =       "Piotr Rudnicki",
  title =        "An Overview of the Mizar Project",
  booktitle =    "Workshop on Types for Proofs and Programs",
  year =         "1992",
  address =      "Gothenburg, Sweden",
  publisher =    "Bastad",
  note =         "\url{http://www.mizar.org}",
}

@InProceedings{peterson:algo,
  author =       "Gary Peterson",
  title =        "Myths About the Mutual Exclusion Problem",
  booktitle =    "Information Processing Letters",
  year =         "1981",
  pages =        "115--116"
}

@InProceedings{keappa08,
  author =       "Kaustuv Chaudhuri and Damien Doligez and 
                Leslie Lamport and Stephan Merz",
  booktitle =   "Workshop on Knowledge Exchange: Automated Provers 
                  and Proof Assistants",
  title =    "{A \tlaplus\ Proof System}",
  year =         "2008",
  pages =        "17--37"
}

@InProceedings{chaudhuri:tlaps,
  author =       {Kaustuv Chaudhuri and Damien Doligez and Leslie Lamport and Stephan Merz},
  title =        {Verifying Safety Properties with the {TLA}\textsuperscript{+} Proof System},
  booktitle = {IJCAR},
  editor =    {J{\"u}rgen Giesl and Reiner H{\"a}hnle},
  pages =     {142-148},
  year =      2010,
  volume =    6173,
  series =    {LNCS},
  address =   {Edinburgh, UK},
  publisher = {Springer},
}

@UNPUBLISHED(tlaps,
  author = "{The TLAPS Project}",
  TITLE = "Web Page",
  NOTE = "\url{http://msr-inria.inria.fr/~doligez/tlaps/}"
 )

@INPROCEEDINGS(lamport:what-good,
   AUTHOR = "Leslie Lamport",
   TITLE = "What Good is Temporal Logic?",
   oRgAnIzAtIoN = "IFIP",
   BOOKTITLE = "Information Processing 83",
   YEAR = 1983,
   month = Sep,
   editor = "R. E. A. Mason",
   Publisher = "North-Holland",
   pages = "657--668",
   address = "Paris")

@Unpublished{lamport:byzantine-paxos,
  author =       {Leslie Lamport},
  title =        {Byzantizing {Paxos} by Refinement},
  note =         {Available at 
   \url{http://research.microsoft.com/en-us/um/people/lamport/pubs/web-byzpaxos.pdf}},
  year =      2011,
}

@InProceedings{parno:memoir,
  author =       {Bryan Parno and Jacob R. Lorch and John R. Douceur and James Mickens and Jonathan M. McCune},
  title =        {Memoir: Practical State Continuity for Protected Modules},
  booktitle = {Security and Privacy},
  pages =     {379-394},
  year =      2011,
  publisher = {IEEE},
}

@InProceedings{lu:pastry,
  author =       {Tianxiang Lu and Stephan Merz and Christoph Weidenbach},
  title =        {Towards Verification of the {Pastry} Protocol Using {TLA\textsuperscript{+}}},
  booktitle = {FORTE},
  editor =    {Roberto Bruni and J{\"u}rgen Dingel},
  pages =     {244-258},
  year =      2011,
  volume =    6722,
  series =    {LNCS},
  address =   {Reykjavik, Iceland},
  publisher = {Springer},
}

@InCollection{trybulec:mizar,
  author =       {Andrzej Trybulec},
  title =        {Mizar},
  booktitle =    {The Seventeen Provers of the World},
  pages =     {20-23},
  crossref =  {wiedijk:provers},
}

@InCollection{wenzel:isar,
  author =       {Markus Wenzel and Lawrence C. Paulson},
  title =        {{I}sabelle/{I}sar},
  booktitle =    {The Seventeen Provers of the World},
  pages =     {41-49},
  crossref =  {wiedijk:provers},
}


@Book{wiedijk:provers,
  editor =    {Freek Wiedijk},
  title =        {The Seventeen Provers of the World},
  publisher =    {Springer},
  year =         2006,
  volume =    3600,
  series =    {LNCS},
}

@InProceedings{boehme:sledgehammer,
  author =       {Sascha B{\"o}hme and Tobias Nipkow},
  title =        {Sledgehammer: Judgement Day},
  booktitle = {5th Intl. Joint Conf. Automated Reasoning (IJCAR 2010)},
  pages =     {107-121},
  year =      2010,
  editor =    {J{\"u}rgen Giesl and Reiner H{\"a}hnle},
  volume =    6173,
  series =    {LNCS},
  address =   {Edinburgh, UK},
  publisher = {Springer},
}

@InProceedings{tsivtsivadze:semantic,
  author =       {Evgeni Tsivtsivadze and Josef Urban and Herman Geuvers and Tom Heskes},
  title =        {Semantic Graph Kernels for Automated Reasoning},
  booktitle = {11th SIAM Intl. Conf. Data Mining (SDM'11)},
  pages =     {795-803},
  year =      2011,
  address =   {Mesa, AZ, U.S.A.},
  publisher = {SIAM Omnipress},
}

@ARTICLE(abadi:existence,
   KEY = "Abadi91",
   AUTHOR = "Mart\'{\i}n Abadi and Leslie Lamport",
   TITLE = "The Existence of Refinement Mappings",
   Journal = "Theoretical Computer Science",
   Volume = 82,
   NUMBER = 2,
   Month = may,
   YEAR = 1991,
   PAGES = "253--284")

@InProceedings{merz:smt-tlaps,
  author =       {Stephan Merz and Hern{\'a}n Vanzetto},
  title =        {Automatic Verification Of {\tlaplus} Proof Obligations With {SMT} Solvers},
  booktitle = {LPAR},
  editor =    {Nikolaj Bj{\o}rner and Andrei Voronkov},
  year =      2012,
  volume =    {7180},
  pages =     {289-303},
  series =    {LNCS},
  address =   {M{\'e}rida, Venezuela},
  publisher = {Springer},
}

@article{deBruijn72,
  author  = {N. G. de Bruijn},
  title   = {{Lambda calculus notation with nameless dummies. A tool for automatic
    formula manipulation with application to the Church-Rosser theorem}},
  journal = {Indagationes Mathematicae},
  year    = 1972,
  volume  = {34},
  pages   = {381-392},
  topics  = {FP - Lambda Calculi}
}

@InProceedings{balser:kiv,
  author =       {Michael Balser and Wolfgang Reif and Gerhard Schellhorn and Kurt Stenzel and Andreas Thums},
  title =        {Formal System Development with {KIV}},
  booktitle = {FASE},
  editor =    {T.S.E. Maibaum},
  pages =     {363-366},
  year =      2000,
  volume =    1783,
  series =    {LNCS},
  address =   {Berlin, Germany},
  publisher = {Springer},
}

@article{abrial:rodin,
  author    = {Jean-Raymond Abrial and
               Michael Butler and
               Stefan Hallerstede and
               Thai Son Hoang and
               Farhad Mehta and
               Laurent Voisin},
  title     = {Rodin: an open toolset for modelling and reasoning in {Event-B}},
  journal   = {STTT},
  volume    = {12},
  number    = {6},
  year      = {2010},
  pages     = {447-466},
  ee        = {http://dx.doi.org/10.1007/s10009-010-0145-y},
}

@InProceedings{cohen:vcc,
  author =       {Ernie Cohen and Markus Dahlweid and Mark Hillebrand and Dirk Leinenbach and MichaÅ Moskal and Thomas Santen and Wolfram Schulte and Stephan Tobies},
  title =        {{VCC}: A Practical System for Verifying {Concurrent C}},
  booktitle = {22nd Intl. Conf. Theorem Proving in Higher Order Logics (TPHOLs 2009)},
  pages =     {23-42},
  year =      2009,
  volume =    5674,
  series =    {LNCS},
  address =   {Munich, Germany},
  publisher = {Springer},
}

@InProceedings{herms:certified,
  author =       {Paolo Herms and Claude March{\'e} and Benjamin Monate},
  title =        {A Certified Multi-prover Verification Condition Generator},
  booktitle = {4th Intl. Conf. Verified Software: Theories, Tools, Experiments (VSTTE 2012)},
  pages =     {2-17},
  year =      2012,
  editor =    {Rajeev Joshi and Peter M{\"u}ller and Andreas Podelski},
  volume =    7152,
  series =    {LNCS},
  address =   {Philadelphia, PA},
  publisher = {Springer},
}

@InProceedings{cousineau:tla-proofs-fm,
  author =       {Denis Cousineau and Damien Doligez and Leslie Lamport and Stephan Merz and Daniel Ricketts and Hern{\'a}n Vanzetto},
  title =        {{TLA\textsuperscript{+}} Proofs},
  booktitle = {Formal Methods (FM 2012)},
  pages =     {147-154},
  year =      2012,
  editor =    {Dimitra Giannakopoulou and Dominique M{\'e}ry},
  volume =    {7436},
  series =    {LNCS},
  address =   {Paris, France},
  publisher = {Springer},
}

