@Book{abrial:event-b,
  author =    {Jean-Raymond Abrial},
  title =        {Modeling in Event-B},
  publisher =    {Cambridge University Press},
  year =         2010,
}

@InProceedings{bonichon:zenon,
  author =       "Richard Bonichon and David Delahaye and Damien Doligez",
  title =        "Zenon : An Extensible Automated Theorem Prover Producing Checkable Proofs",
  booktitle =    "LPAR",
  editor =       "Nachum Dershowitz and Andrei Voronkov",
  year =         "2007",
  pages =        "151-165",
  volume =       "4790",
  series =       "LNCS",
  address =      "Yerevan, Armenia",
  publisher =    "Springer",
  ee =           "http://dx.doi.org/10.1007/978-3-540-75560-9_13",
}

@InProceedings{chaudhuri:tlaps,
  author =       {Kaustuv Chaudhuri and Damien Doligez and Leslie Lamport and Stephan Merz},
  title =        {Verifying Safety Properties with the \tlaplus{} Proof System},
  booktitle = {5th Intl. Joint Conf. Automated Reasoning (IJCAR 2010)},
  pages =     {142-148},
  year =      2010,
  editor =    {J{\"u}rgen Giesl and Reiner H{\"a}hnle},
  volume =    6173,
  series =    {Lecture Notes in Computer Science},
  address =   {Edinburgh, UK},
  publisher = {Springer},
}

@InProceedings{cousineau:tla-proofs,
  author =       {Denis Cousineau and Damien Doligez and Leslie Lamport and Stephan Merz and Daniel Ricketts and Hern{\'a}n Vanzetto},
  title =        {\tlaplus{} Proofs},
  booktitle = {18th Intl. Symp. Formal Methods (FM 2012)},
  pages =     {147-154},
  year =      2012,
  editor =    {Dimitra Giannakopoulou and Dominique M{\'e}ry},
  volume =    {7436},
  series =    {LNCS},
  address =   {Paris, France},
  publisher = {Springer},
}

@Book{lamport:tlabook,
  author =	 {Leslie Lamport},
  title = 	 {Specifying Systems},
  publisher = 	 {Addison-Wesley},
  year = 	 2002,
  address =	 {Boston, Mass.}
}

@InCollection{merz:tlabook,
  author = 	 {Stephan Merz},
  title = 	 {The Specification Language {TLA\textsuperscript{+}}},
  booktitle = 	 {Logics of Specification Languages},
  pages = 	 {401--451},
  publisher = {Springer},
  year = 	 2008,
  editor = 	 {Dines Bj{\o}rner and Martin C. Henson},
  series = 	 {Monographs in Theoretical Computer Science},
  address = 	 {Berlin-Heidelberg}
}

@inproceedings{merz:harnessing,
  AUTHOR = {Merz, Stephan and Vanzetto, Hern{\'a}n},
  TITLE = {Harnessing {SMT} Solvers for \tlaplus{} Proofs},
  BOOKTITLE = {12th Intl. Wsh. Automated Verification of Critical Systems (AVoCS 2012)}},
  YEAR = {2012},
  MONTH = Dec,
  SERIES = {ECEASST},
  EDITOR = {Gerald L{\"u}ttgen and Stephan Merz},
  PUBLISHER = {EASST},
  VOLUME = {53},
  ADDRESS = {Bamberg, Germany},
}

@InProceedings{wenzel:isabelle,
  author =       {Makarius Wenzel and Lawrence C. Paulson and Tobias Nipkow},
  title =        {The {I}sabelle Framework},
  booktitle = {TPHOLs}, 
  editor =    {Otmane A{\"{\i}}t Mohamed and C{\'e}sar Mu{\~n}oz and Sofi{\`e}ne Tahar},
  pages =     {33-38},
  year =      2008,
  volume =    5170,
  series =    {LNCS},
  address =   {Montreal, Canada},
  publisher = {Springer},
}

@InProceedings{yu:model-checking,
  author = 	 {Yuan Yu and Panagiotis Manolios and Leslie Lamport},
  title = 	 {Model checking \tlaplus{} Specifications},
  booktitle = 	 {Correct Hardware Design and Verification Methods
                  (CHARME'99)},
  pages =	 {54-66},
  year =	 1999,
  editor =	 {L. Pierre and T. Kropf},
  volume =	 1703,
  series =	 {Lecture Notes in Computer Science},
  address =	 {Bad Herrenalb, Germany},
  publisher =	 {Springer Verlag}
}

