@ARTICLE(abadi:existence,
   KEY = "Abadi91",
   AUTHOR = "Mart\'{\i}n Abadi and Leslie Lamport",
   TITLE = "The Existence of Refinement Mappings",
   JOURNAL = tcs,
   volume = 81,
   number = 2,
   YEAR = 1991,
   month = may,
   PAGES = "253--284")

@article{fitting:intensional,
  author    = {Melvin Fitting},
  title     = {First-order intensional logic},
  journal   = {Ann. Pure Appl. Logic},
  volume    = {127},
  number    = {1-3},
  year      = {2004},
  pages     = {171-193},
}

@article{frege:sinn,
     author = {Frege, Gottlob},
        title = {uber Sinn und Bedeutung},
           journal = {Zeitschrift f√ºr Philosophie und philosophische Kritik},
              volume = {100},
                 pages = {25--50},
                    year = {1892},
                       url = {https://www.tu-chemnitz.de/phil/english/chairs/linguist/independent/kursmaterialien/logling/frege_sinnundbedeut.pdf, http://www.uni-konstanz.de/philosophie/files/frege.pdf},
                            quality = {5},
      }



@Article{giunchiglia:ksat,
  author =       {Fausto Giunchiglia and Roberto Sebastiani},
  title =        {Building Decision Procedures for Modal Logics from Propositional Decision Procedures: The Case Study of Modal {K(m)}},
  journal =      {Information and Computation},
  year =         2000,
  volume =    162,
  number =    {1-2},
  pages =     {158-178},
}

@book{mendelsohn:foml,
  title={First-Order Modal Logic},
  author={Melvin Fitting and Richard L. Mendelsohn},
  isbn={9780792353355},
  lccn={98037504},
  series={Synthese Library},
  url={http://books.google.fr/books?id=JMV9ZOg3KkUC},
  year={1998},
  publisher={Springer}
}

@article{ghilardi:counterparts,
    added-at = {2011-06-03T00:00:00.000+0200},
      author = {Ghilardi, Silvio},
        biburl = {http://www.bibsonomy.org/bibtex/229baf22d0f428668910d4d497fa97c6c/dblp},
          ee = {http://dx.doi.org/10.1007/BF00370113},
            interhash = {9dee57276abfbd5901c8f64d3996c3d7},
              intrahash = {29baf22d0f428668910d4d497fa97c6c},
                journal = {Studia Logica},
                  keywords = {dblp},
                    number = 2,
                      pages = {195-214},
                        timestamp = {2011-06-03T00:00:00.000+0200},
                          title = {Quantified Extensions of Canonical Propositional Intermediate Logics.},
                            url = {http://dblp.uni-trier.de/db/journals/sLogica/sLogica51.html#Ghilardi92},
                              volume = 51,
                                year = 1992
}

@inproceedings{chaudhuri:tla,
    author    = {Kaustuv Chaudhuri and
                     Damien Doligez and
                                      Leslie Lamport and
                                                     Stephan Merz},
      title     = {The TLA$^{\mbox{+}}$ Proof System: Building a Heterogeneous
                       Verification Platform},
        booktitle = {ICTAC},
          year      = {2010},
            pages     = {44},
              ee        = {http://dx.doi.org/10.1007/978-3-642-14808-8_3},
}

@article{lamport:tla,
   author = {Lamport, Leslie},
    title = {The Temporal Logic of Actions},
     journal = {ACM Trans. Program. Lang. Syst.},
      issue_date = {May 1994},
       volume = {16},
        number = {3},
         month = may,
          year = {1994},
           issn = {0164-0925},
            pages = {872--923},
             numpages = {52},
              url = {http://doi.acm.org/10.1145/177492.177726},
               doi = {10.1145/177492.177726},
                acmid = {177726},
                 publisher = {ACM},
                  address = {New York, NY, USA},
                   keywords = {concurrent programming, liveness properties, safety properties},
}

@incollection{brauner:foml,
    author      = "Torben Bra{\"u}ner and Silvio Ghilardi",
      title       = "First Order Modal Logic",
        editor      = "Patrick Blackburn and Johan van Benthem and Frank Wolter",
          booktitle   = "Handbook of Modal Logic",
            publisher   = "Elsevier",
            pages = "549-620",
                year        = 2007,
}

@article{ohlbach:translation,
    added-at = {2011-06-29T00:00:00.000+0200},
      author = {Ohlbach, Hans J{\"u}rgen},
        biburl = {http://www.bibsonomy.org/bibtex/2d42bd57fc605481554b694ac66fd1c37/dblp},
          ee = {http://dx.doi.org/10.1093/logcom/1.5.691},
            interhash = {ec6034aa5c8a5a1f92469b096e292856},
              intrahash = {d42bd57fc605481554b694ac66fd1c37},
                journal = {J. Log. Comput.},
                  keywords = {dblp},
                    number = 5,
                      pages = {691-746},
                        timestamp = {2011-06-29T00:00:00.000+0200},
                          title = {Semantics-Based Translation Methods for Modal Logics.},
                            url = {http://dblp.uni-trier.de/db/journals/logcom/logcom1.html#Ohlbach91},
                              volume = 1,
                                year = 1991
}

@inproceedings{hustadt:mspass,
    added-at = {2002-01-08T00:00:00.000+0100},
      author = {Hustadt, Ullrich and Schmidt, Renate A.},
          booktitle = {TABLEAUX},
              date = {2002-01-08},
                description = {dblp},
                  editor = {Dyckhoff, Roy},
                    interhash = {4bec58357d755fcb5c6f38f9796beadc},
                      intrahash = {0787e53746e62ef08c96ad3ceb745b12},
                        isbn = {3-540-67697-X},
                          keywords = {dblp},
                            pages = {67-71},
                              publisher = {Springer},
                                series = {LNCS},
                                  timestamp = {2002-01-08T00:00:00.000+0100},
                                    title = {{MSPASS}: Modal Reasoning by Translation and First-Order Resolution.},
                                      url = {http://dblp.uni-trier.de/db/conf/tableaux/tableaux2000.html#HustadtS00},
                                        volume = 1847,
                                          year = 2000
}

@misc{ganzinger:saturate,
  author = {Harald Ganzinger and Robert Nieuwenhuis and Pilar Nivela},
  title = {The {Saturate} System},
  year = {1998},
  note={\url{http://www.mpi-inf.mpg.de/SATURATE/doc/Saturate/Saturate.html}},
}

@book{lamport:tla+,
    author    = {Leslie Lamport},
      title     = {Specifying Systems, The TLA\textsuperscript{+} Language and Tools for Hardware
                       and Software Engineers},
        publisher = {Addison-Wesley},
          year      = {2002},
            isbn      = {0-3211-4306-X},
              bibsource = {DBLP, http://dblp.uni-trier.de}
}

@InProceedings{cousineau:tlaps,
    author =       {Denis Cousineau and Damien Doligez and Leslie Lamport and Stephan Merz and Daniel Ricketts and Hern{\'a}n Vanzetto},
      title =        {{TLA\textsuperscript{+}} Proofs},
        booktitle = {18th Intl. Symp. Formal Methods (FM 2012)},
          pages =     {147-154},
            year =      2012,
              editor =    {Dimitra Giannakopoulou and Dominique M{\'e}ry},
                volume =    {7436},
                  series =    {LNCS},
                    address =   {Paris, France},
                      publisher = {Springer},
}

@INPROCEEDINGS(lamport:byzantizing,
   KEY = "Lamport2011",
   AUTHOR = "Leslie Lamport",
   TITLE = "Byzantizing {Paxos} by Refinement",
   BOOKTITLE = "Distributed Computing: 25th Intl. Symp.
                 (DISC 2011)",
   YEAR = 2011,
   editor = "David Peleg",
   publisher = "Springer-Verlag",
   pages = "211--224")


@InProceedings{benzmueller:god,
  author =       {Christoph Benzm\"uller and Bruno {Woltzenlogel Paleo}},
  title =        {Automating {G}\"odel's Ontological Proof of {G}od's Existence with Higher-order Automated Theorem Provers},
  booktitle = {21st Europ.\ Conf.\ Artificial Intelligence (ECAI 2014)},
  year =      2014,
  editor =    {Torsten Schaub and Gerhard Friedrich and Barry O'Sullivan},
  volume =    263,
  series =    {Frontiers in Artificial Intelligence and Applications},
  pages =     {93--98},
  address =   {Prague, Czech Republic},
  publisher = {IOS Press},
}

@article{Apt:1981,
   author = {Apt, Krzysztof R.},
    title = {Ten Years of {Hoare}'s Logic: A Survey---Part {I}},
     journal = {ACM Trans. Program. Lang. Syst.},
      issue_date = {Oct. 1981},
       volume = {3},
        number = {4},
         month = oct,
          year = {1981},
           issn = {0164-0925},
            pages = {431--483},
             numpages = {53},
              url = {http://doi.acm.org/10.1145/357146.357150},
               doi = {10.1145/357146.357150},
                acmid = {357150},
                 publisher = {ACM},
                  address = {New York, NY, USA},
}
